%% This BibTeX bibliography file was created using BibDesk.
%% http://bibdesk.sourceforge.net/


%% Created for Niru at 2012-12-05 00:00:48 -0800 


%% Saved with string encoding Unicode (UTF-8) 



@inproceedings{Bethge2008c,
	Author = {M. Bethge and P. Berens},
	Date-Added = {2012-12-05 08:00:05 +0000},
	Date-Modified = {2012-12-05 08:00:05 +0000},
	Keywords = {population coding, natural image statistics, maximum entropy},
	Publisher = {Advances in Neural Information Processing Systems 20},
	Title = {Near-Maximum Entropy Models for Binary Neural Representations of Natural Images},
	Year = 2008}

@conference{maxen,
	Author = {M. Bethge and P. Berens},
	Booktitle = {Advances in Neural Information Processing Systems},
	Date-Added = {2012-12-05 07:53:25 +0000},
	Date-Modified = {2012-12-05 08:00:48 +0000},
	Keywords = {population coding, natural image statistics, maximum entropy},
	Title = {Near-Maximum Entropy Models for Binary Neural Representations of Natural Images},
	Year = 2008}

@article{hsb,
	Author = {R. Hosseini and F. Sinz and M. Bethge},
	Date-Added = {2012-12-05 07:52:42 +0000},
	Date-Modified = {2012-12-05 07:52:46 +0000},
	Journal = {Vision Research},
	Keywords = {natural image statistics},
	Month = {Oct},
	Number = 22,
	Pages = {2213-2222},
	Title = {Lower bounds on the redundancy of natural images},
	Volume = 50,
	Year = 2010}

@article{ica,
	Author = {Bell, Antony J. and Sejnowski, Terrence J.},
	Date-Added = {2012-12-05 04:51:39 +0000},
	Date-Modified = {2012-12-05 04:52:14 +0000},
	Journal = {Neural Computation},
	Number = {6},
	Pages = {1129-1159},
	Title = {An information maximisation approach to blind separation and blind deconvolution},
	Volume = {7},
	Year = {1995}}

@article{lowerbounds,
	Author = {R. Hosseini and F. Sinz and M. Bethge},
	Date-Added = {2012-12-05 04:38:04 +0000},
	Date-Modified = {2012-12-05 04:38:08 +0000},
	Journal = {Vision Research},
	Keywords = {natural image statistics},
	Month = {Oct},
	Number = 22,
	Pages = {2213-2222},
	Title = {Lower bounds on the redundancy of natural images},
	Volume = 50,
	Year = 2010}

@article{petrov,
	Author = {Yury Petrov and L. Zhaoping},
	Date-Added = {2012-12-05 00:19:35 +0000},
	Date-Modified = {2012-12-05 00:20:27 +0000},
	Journal = {JOURNAL OF THE OPTICAL SOCIETY OF AMERICA A},
	Pages = {55-66},
	Read = {0},
	Title = {Local Correlations, Information Redundancy, and Sufficient Pixel Depth in Natural Images},
	Volume = {20},
	Year = {2003}}

@article{nicv1,
	Author = {J. Eichhorn and F. Sinz and M. Bethge},
	Date-Added = {2012-12-05 00:16:22 +0000},
	Date-Modified = {2012-12-05 00:16:32 +0000},
	Doi = {10.1371/journal.pcbi.1000336},
	Journal = {PLoS Computational Biology},
	Keywords = {natural image models, natural image statistics, normative models},
	Month = {Apr},
	Number = 4,
	Title = {Natural Image Coding in V1: How Much Use Is Orientation Selectivity?},
	Volume = 5,
	Year = 2009,
	Bdsk-Url-1 = {http://dx.doi.org/10.1371/journal.pcbi.1000336}}

@book{nis,
	Author = {Aapo Hyv{\"a}rinen and Jarmo Hurri and Patrick O. Hoyer},
	Date-Added = {2012-12-05 00:11:41 +0000},
	Date-Modified = {2012-12-05 00:13:52 +0000},
	Publisher = {Springer},
	Title = {Natural Image Statistics},
	Year = {2009}}

@article{barlow,
	Author = {Horace Barlow},
	Journal = {Network: Comput. Neural Syst.},
	Pages = {241-253},
	Title = {Redundancy reduction revisited},
	Volume = 12,
	Year = 2001}

@article{chandlerfield,
	Author = {Damon M. Chandler and David J. Field},
	Journal = {J. Opt. Soc. Am.},
	Number = 4,
	Title = {Estimates of the information content and dimensionality of natural scenes from proximity distributions},
	Volume = 24,
	Year = 2007}

@misc{entropyest,
	Author = {J. Beirlant et al},
	Title = {Nonparametric Entropy Estimation: An Overview},
	Year = 2001}

@article{bethge,
	Author = {Matthias Bethge},
	Journal = {J. Opt. Soc. Am.},
	Number = 6,
	Title = {Factorial coding of natural images: how effective are linear models in removing higher-order dependencies?},
	Volume = 23,
	Year = 2006}

@article{vanhateren,
	Author = {J.H. van Hateren and A. van der Schaaf},
	Journal = {Proc.R.Soc.Lond. B},
	Pages = {359-366},
	Title = {Independent component filters of natural images compared with simple cells in primary visual cortex.},
	Volume = 265,
	Year = 1998}
