@article{barlow,
author = {Horace Barlow},
title = {Redundancy reduction revisited},
journal = {Network: Comput. Neural Syst.},
volume = 12,
pages = {241-253},
year = 2001
}

@article{chandlerfield,
    author = {Damon M. Chandler and David J. Field},
    title = {Estimates of the information content and dimensionality of natural scenes from proximity distributions},
    journal = {J. Opt. Soc. Am.},
    volume = 24,
    number = 4,
    year = 2007
}

@misc{entropyest,
    author = {J. Beirlant et al},
    title = {Nonparametric Entropy Estimation: An Overview},
    year = 2001
}

@article{bethge,
    author = {Matthias Bethge},
    title = {Factorial coding of natural images: how effective are linear models in removing higher-order dependencies?},
    journal = {J. Opt. Soc. Am.},
    volume = 23,
    number = 6,
    year = 2006
}

@article{vanhateren,
    author = {J.H. van Hateren and A. van der Schaaf},
    title = {Independent component filters of natural images compared with simple cells in primary visual cortex.},
    journal = {Proc.R.Soc.Lond. B},
    volume = 265,
    pages = {359-366},
    year = 1998
}
